<collection xmlns="http://www.loc.gov/MARC21/slim">
<record>
  <leader>00475na 0a22001211i 450 </leader>
  <controlfield tag="001">IT\ICCU\CNCE\072069</controlfield>
  <controlfield tag="005">20080125000000.0</controlfield>
  <datafield tag="100" ind1=" " ind2=" ">
    <subfield code="a">20071123             0itac0103    ba</subfield>
  </datafield>
  <datafield tag="101" ind1=" " ind2=" ">
    <subfield code="a">LAT</subfield>
  </datafield>
  <datafield tag="200" ind1="1" ind2=" ">
    <subfield code="a">Posteriores annotationes in interpretes Pauli Aeginetae, Christophoro Orosio authore. Additis castigationibus in sextum librum</subfield>
  </datafield>
  <datafield tag="700" ind1=" " ind2="1">
    <subfield code="a">Orozco,</subfield>
    <subfield code="b">Cristb̤al</subfield>
    <subfield code="3">IT\ICCU\CNCA\015627</subfield>
  </datafield>
  <datafield tag="790" ind1=" " ind2="1">
    <subfield code="a">Oroscius,</subfield>
    <subfield code="b">Christophorus</subfield>
    <subfield code="3">IT\ICCU\CNCA\017914</subfield>
    <subfield code="z">Orozco, Cristb̤al</subfield>
  </datafield>
  <datafield tag="801" ind1=" " ind2="3">
    <subfield code="a">IT</subfield>
    <subfield code="b">ICCU</subfield>
    <subfield code="c">20201115</subfield>
  </datafield>
</record>
</collection>
